@article{bland2022story,
  title={Story Beyond the Eye: Glyph Positions Break PDF Text Redaction},
  author={Bland, Maxwell and Iyer, Anushya and Levchenko, Kirill},
  journal={arXiv preprint arXiv:2206.02285},
  year={2022},
url={https://arxiv.org/abs/2206.02285v3}
}

@inproceedings{muller2021processing,
  title={Processing Dangerous Paths-On Security and Privacy of the Portable Document Format.},
  author={M{\"u}ller, Jens and No{\ss}, Dominik and Mainka, Christian and Mladenov, Vladislav and Schwenk, J{\"o}rg},
  booktitle={NDSS},
  year={2021},
url={https://www.ndss-symposium.org/wp-content/uploads/ndss2021_1B-2_23109_paper.pdf}
}

@article{hill2016effectiveness,
  title={On the (In) effectiveness of Mosaicing and Blurring as Tools for Document Redaction.},
  author={Hill, Steven and Zhou, Zhimin and Saul, Lawrence K and Shacham, Hovav},
  journal={Proc. Priv. Enhancing Technol.},
  volume={2016},
  number={4},
  pages={403--417},
  year={2016},
    url={https://cseweb.ucsd.edu/~saul/papers/pets16-redact.pdf}
}

@misc{national2005redacting,
  title={Redacting with Confidence: How to Safely Publish Sanitized Reports Converted from Word to PDF},
  author={National Security Agency},
  journal={Technical Report I333-TR-015R-2005},
  year={2005},
  publisher={Fort Meade Maryland},
url={https://sgp.fas.org/othergov/dod/nsa-redact.pdf}
}

@article{forrester2005investigation,
  title={An investigation into unintentional information leakage through electronic publication},
  author={Forrester, Jock and Irwin, Barry},
  journal={Information Security South Africa},
  year={2005},
url={https://www.researchgate.net/publication/229014289_An_Investigation_into_Unintentional_Information_Leakage_through_Electronic_Publication}
}

@misc{govAu2017,
    title={An Examination of the Redaction Functionality of Adobe Acrobat Pro DC 201},
    year={2018},
    author={Australian Government},
    journal={An Examination of the
Redaction Functionality of
Adobe Acrobat Pro DC 2017 },
    url={https://www.cyber.gov.au/sites/default/files/2023-03/PROTECT%20-%20An%20Examination%20of%20the%20Redaction%20Functionality%20of%20Adobe%20Acrobat%20Pro%20DC%202017%20%28October%202021%29.pdf}
}
